<record><leader>00000cas a2200000 a 4500</leader><controlfield tag="001">27345466</controlfield><controlfield tag="008">930129d188u189uctuwr ne      0    0eng c</controlfield><datafield ind1=" " ind2=" " tag="010"><subfield code="a">sn 93053723 </subfield></datafield><datafield ind1=" " ind2=" " tag="040"><subfield code="a">CNW</subfield><subfield code="b">eng</subfield><subfield code="c">CNW</subfield><subfield code="d">OCLCQ</subfield><subfield code="d">CUI</subfield><subfield code="d">OCLCQ</subfield><subfield code="d">OCLCF</subfield></datafield><datafield ind1="1" ind2=" " tag="029"><subfield code="a">AU@</subfield><subfield code="b">000020713659</subfield></datafield><datafield ind1=" " ind2=" " tag="042"><subfield code="a">pcc</subfield></datafield><datafield ind1=" " ind2=" " tag="043"><subfield code="a">n-us-ct</subfield></datafield><datafield ind1=" " ind2="4" tag="050"><subfield code="a">AN</subfield></datafield><datafield ind1="0" ind2="0" tag="245"><subfield code="a">Norwalk weekly gazette.</subfield></datafield><datafield ind1="3" ind2="0" tag="246"><subfield code="a">Weekly Norwalk gazette</subfield></datafield><datafield ind1=" " ind2=" " tag="260"><subfield code="a">Norwalk, Conn. :</subfield><subfield code="b">A.H. Byington, ed.</subfield></datafield><datafield ind1=" " ind2=" " tag="300"><subfield code="a">v.</subfield></datafield><datafield ind1=" " ind2=" " tag="310"><subfield code="a">Weekly</subfield></datafield><datafield ind1=" " ind2=" " tag="500"><subfield code="a">"An entertaining and instructive home journal, especially devoted to local news and interests."</subfield></datafield><datafield ind1=" " ind2=" " tag="500"><subfield code="a">"Weekly" appears above masthead ornament.</subfield></datafield><datafield ind1=" " ind2=" " tag="588"><subfield code="a">Description based on: Vol. 89, no. 17 (Apr. 24, 1889).</subfield></datafield><datafield ind1=" " ind2="0" tag="651"><subfield code="a">Norwalk (Conn.)</subfield><subfield code="v">Newspapers.</subfield></datafield><datafield ind1=" " ind2="0" tag="651"><subfield code="a">Fairfield County (Conn.)</subfield><subfield code="v">Newspapers.</subfield></datafield><datafield ind1=" " ind2="7" tag="655"><subfield code="a">Newspapers.</subfield><subfield code="2">fast</subfield><subfield code="0">(OCoLC)fst01423814</subfield></datafield><datafield ind1=" " ind2="7" tag="651"><subfield code="a">Connecticut</subfield><subfield code="z">Fairfield County.</subfield><subfield code="2">fast</subfield><subfield code="0">(OCoLC)fst01207658</subfield></datafield><datafield ind1=" " ind2="7" tag="651"><subfield code="a">Connecticut</subfield><subfield code="z">Norwalk.</subfield><subfield code="2">fast</subfield><subfield code="0">(OCoLC)fst01209529</subfield></datafield><datafield ind1=" " ind2=" " tag="752"><subfield code="a">United States</subfield><subfield code="b">Connecticut</subfield><subfield code="c">Fairfield</subfield><subfield code="d">Norwalk.</subfield></datafield><datafield ind1="0" ind2=" " tag="775"><subfield code="t">Daily Norwalk gazette and Saturday's Norwalk record</subfield><subfield code="w">(DLC)sn 93053722</subfield><subfield code="w">(OCoLC)27345443</subfield></datafield><datafield ind1="0" ind2=" " tag="775"><subfield code="t">Norwalk daily gazette</subfield><subfield code="w">(DLC)sn 94053165</subfield><subfield code="w">(OCoLC)30771843</subfield></datafield><datafield ind1="0" ind2="0" tag="780"><subfield code="t">Saturday Norwalk gazette</subfield><subfield code="w">(DLC)sn 94053164</subfield><subfield code="w">(OCoLC)30771679</subfield></datafield><datafield ind1="0" ind2="0" tag="785"><subfield code="t">Norwalk gazette (Norwalk, Conn. : 1896)</subfield><subfield code="w">(DLC)sn 94053166</subfield><subfield code="w">(OCoLC)30771915</subfield></datafield></record>